<record><leader>00000cas a22000007a 4500</leader><controlfield tag="001">12603638</controlfield><controlfield tag="008">850926d187u187uncuwr ne      0    0eng d</controlfield><datafield ind1=" " ind2=" " tag="010"><subfield code="a">sn 85026803 </subfield></datafield><datafield ind1=" " ind2=" " tag="040"><subfield code="a">NPX</subfield><subfield code="b">eng</subfield><subfield code="c">NPX</subfield><subfield code="d">NVJ</subfield><subfield code="d">OCLCQ</subfield></datafield><datafield ind1=" " ind2=" " tag="042"><subfield code="a">msc</subfield></datafield><datafield ind1="0" ind2=" " tag="130"><subfield code="a">Weekly record (Magnolia, N.C.)</subfield></datafield><datafield ind1="1" ind2="4" tag="245"><subfield code="a">The weekly record.</subfield></datafield><datafield ind1=" " ind2=" " tag="260"><subfield code="a">Magnolia, N.C. :</subfield><subfield code="b">Record Pub. Co.</subfield></datafield><datafield ind1=" " ind2=" " tag="300"><subfield code="a">v.</subfield></datafield><datafield ind1=" " ind2=" " tag="310"><subfield code="a">Weekly</subfield></datafield><datafield ind1=" " ind2=" " tag="500"><subfield code="a">Editor: J.N. Stallings, &lt;1876&gt;.</subfield></datafield><datafield ind1=" " ind2=" " tag="588"><subfield code="a">Description based on: Vol. 2, no. 26 (Apr. 13, 1876).</subfield></datafield><datafield ind1=" " ind2=" " tag="752"><subfield code="a">United States</subfield><subfield code="b">North Carolina</subfield><subfield code="c">Duplin</subfield><subfield code="d">Magnolia.</subfield></datafield><datafield ind1="0" ind2="0" tag="780"><subfield code="t">Duplin record</subfield><subfield code="w">(DLC)sn 91068182</subfield></datafield></record>